<record><leader>00000cas a2200000 a 4500</leader><controlfield tag="001">50432096</controlfield><controlfield tag="007">hd af----baca</controlfield><controlfield tag="008">020820d183u1833mauwr nea     0   a0eng c</controlfield><datafield ind1=" " ind2=" " tag="010"><subfield code="a">  2002261234</subfield></datafield><datafield ind1=" " ind2=" " tag="040"><subfield code="a">HNK</subfield><subfield code="b">eng</subfield><subfield code="c">HNK</subfield><subfield code="d">OCLCQ</subfield><subfield code="d">OCLCF</subfield><subfield code="d">OCLCO</subfield><subfield code="d">OCLCQ</subfield></datafield><datafield ind1=" " ind2=" " tag="042"><subfield code="a">pcc</subfield></datafield><datafield ind1=" " ind2=" " tag="043"><subfield code="a">n-us-ri</subfield><subfield code="a">n-us-ma</subfield></datafield><datafield ind1="1" ind2="4" tag="050"><subfield code="a">Newspaper</subfield></datafield><datafield ind1="0" ind2="0" tag="245"><subfield code="a">New England artisan, and laboring man's repository.</subfield></datafield><datafield ind1="3" ind2="0" tag="246"><subfield code="a">Laboring man's repository</subfield></datafield><datafield ind1="3" ind2="0" tag="246"><subfield code="a">Labouring man's repository</subfield></datafield><datafield ind1="3" ind2=" " tag="246"><subfield code="a">New England artisan, and labouring man's repository</subfield></datafield><datafield ind1=" " ind2=" " tag="260"><subfield code="a">Providence, R.I. :</subfield><subfield code="b">William McCartney</subfield></datafield><datafield ind1=" " ind2=" " tag="300"><subfield code="a">volumes</subfield></datafield><datafield ind1=" " ind2=" " tag="310"><subfield code="a">Weekly</subfield></datafield><datafield ind1=" " ind2=" " tag="336"><subfield code="a">text</subfield><subfield code="b">txt</subfield><subfield code="2">rdacontent</subfield></datafield><datafield ind1=" " ind2=" " tag="337"><subfield code="a">microform</subfield><subfield code="b">h</subfield><subfield code="2">rdamedia</subfield></datafield><datafield ind1=" " ind2=" " tag="338"><subfield code="a">microfilm reel</subfield><subfield code="b">hd</subfield><subfield code="2">rdacarrier</subfield></datafield><datafield ind1="1" ind2=" " tag="362"><subfield code="a">Ceased in 1833.</subfield></datafield><datafield ind1=" " ind2=" " tag="588"><subfield code="a">Description based on: Vol. 1, no. 8 (Feb. 23, 1832).</subfield></datafield><datafield ind1=" " ind2=" " tag="533"><subfield code="a">Microfilm.</subfield><subfield code="b">Woodbridge, Conn. :</subfield><subfield code="c">Research Publications, Inc.,</subfield><subfield code="d">c1984.</subfield><subfield code="e">microfilm reels ; 35 mm.</subfield><subfield code="f">(Goldsmiths'-Kress library of economic literature. Serials ; no. 3609).</subfield><subfield code="n">Loss of print throughout entry.</subfield><subfield code="n">Filmed with other titles.</subfield></datafield><datafield ind1=" " ind2="0" tag="651"><subfield code="a">Providence (R.I.)</subfield><subfield code="v">Newspapers.</subfield></datafield><datafield ind1=" " ind2="0" tag="651"><subfield code="a">Boston (Mass.)</subfield><subfield code="v">Newspapers.</subfield></datafield><datafield ind1=" " ind2="7" tag="651"><subfield code="a">Massachusetts</subfield><subfield code="z">Boston.</subfield><subfield code="2">fast</subfield><subfield code="0">(OCoLC)fst01205012</subfield></datafield><datafield ind1=" " ind2="7" tag="651"><subfield code="a">Rhode Island</subfield><subfield code="z">Providence.</subfield><subfield code="2">fast</subfield><subfield code="0">(OCoLC)fst01204977</subfield></datafield><datafield ind1=" " ind2="7" tag="655"><subfield code="a">Newspapers.</subfield><subfield code="2">fast</subfield><subfield code="0">(OCoLC)fst01423814</subfield></datafield><datafield ind1="1" ind2=" " tag="776"><subfield code="c">Original</subfield><subfield code="w">(DLC)sn 86077092</subfield><subfield code="w">(OCoLC)13825495</subfield></datafield><datafield ind1="0" ind2="0" tag="785"><subfield code="t">New England artisan, and farmer's, mechanic's and laboring man's repository</subfield></datafield><datafield ind1=" " ind2="0" tag="830"><subfield code="a">Goldsmiths'-Kress library of economic literature.</subfield><subfield code="p">Serials ;</subfield><subfield code="v">no. 3609.</subfield></datafield><datafield ind1="1" ind2=" " tag="029"><subfield code="a">NZ1</subfield><subfield code="b">11770961</subfield></datafield></record>